% DO NOT DELETE This File!!!

% encoding: UTF-8

% empty file

@book{walker1996fast,
  title={Fast fourier transforms},
  author={Walker, James S},
  volume={24},
  year={1996},
  publisher={CRC press}
}

@book{white2009hadoop,
  title={Hadoop: The Definitive Guide: The Definitive Guide},
  author={White, Tom},
  year={2009},
  publisher={O'Reilly Media}
}

@inproceedings{shvachko2010hadoop,
  title={The hadoop distributed file system},
  author={Shvachko, Konstantin and Kuang, Hairong and Radia, Sanjay and Chansler, Robert},
  booktitle={Mass Storage Systems and Technologies (MSST), 2010 IEEE 26th Symposium on},
  pages={1--10},
  year={2010},
  organization={IEEE}
}

@inproceedings{zaharia2010spark,
  title={Spark: cluster computing with working sets},
  author={Zaharia, Matei and Chowdhury, Mosharaf and Franklin, Michael J and Shenker, Scott and Stoica, Ion},
  booktitle={Proceedings of the 2nd USENIX conference on Hot topics in cloud computing},
  pages={10--10},
  year={2010}
}

@article{bracewell1980fourier,
  title={Fourier transform and its applications},
  author={Bracewell, Ronald N},
  year={1980},
  publisher={$\{$McGraw-Hill Education$\}$}
}
