% Encoding: UTF-8

@incollection{broder1993some,
  title={Some applications of Rabin’s fingerprinting method},
  author={Broder, Andrei Z},
  booktitle={Sequences II},
  pages={143--152},
  year={1993},
  publisher={Springer}
}

@book{rabin1981fingerprinting,
  title={Fingerprinting by random polynomials},
  author={Rabin, Michael O},
  year={1981},
  publisher={Center for Research in Computing Techn., Aiken Computation Laboratory, Univ.}
}

@misc{tridgell1996rsync,
  title={The rsync algorithm},
  author={Tridgell, Andrew and Mackerras, Paul and others},
  year={1996},
  TypeofLit={J}
}

@inproceedings{bolosky2000single,
  title={Single instance storage in Windows 2000},
  author={Bolosky, William J and Corbin, Scott and Goebel, David and Douceur, John R},
  booktitle={Proceedings of the 4th USENIX Windows Systems Symposium},
  pages={13--24},
  year={2000},
  organization={Seattle, WA}
}

@article{bobbarjung2006improving,
  title={Improving duplicate elimination in storage systems},
  author={Bobbarjung, Deepak R and Jagannathan, Suresh and Dubnicki, Cezary},
  journal={ACM Transactions on Storage (TOS)},
  volume={2},
  number={4},
  pages={424--448},
  year={2006},
  publisher={ACM}
}

@inproceedings{policroniades2004alternatives,
  title={Alternatives for Detecting Redundancy in Storage Systems Data.},
  author={Policroniades, Calicrates and Pratt, Ian},
  booktitle={USENIX Annual Technical Conference, General Track},
  pages={73--86},
  year={2004}
}

@inproceedings{jain2005taper,
  title={TAPER: Tiered Approach for Eliminating Redundancy in Replica Synchronization.},
  author={Jain, Navendu and Dahlin, Michael and Tewari, Renu},
  booktitle={FAST},
  volume={5},
  pages={21--21},
  year={2005}
}

@inproceedings{broder2000identifying,
  title={Identifying and filtering near-duplicate documents},
  author={Broder, Andrei Z},
  booktitle={Combinatorial pattern matching},
  pages={1--10},
  year={2000},
  organization={Springer}
}

@article{敖莉2010重复数据删除技术,
  title={重复数据删除技术},
  author={敖莉 and 舒继武 and 李明强},
  journal={Journal of Software},
  volume={21},
  number={5},
  pages={916--929},
  year={2010},
  language={zh}
}
