% DO NOT DELETE This File!!!

% encoding: UTF-8

% empty file

@techreport{denehy2003duplicate,
  title={Duplicate management for reference data},
  author={Denehy, Timothy E and Hsu, Windsor W},
  year={2003},
  institution={Research Report RJ10305, IBM}
}

@inproceedings{henson2003analysis,
  title={An Analysis of Compare-by-hash.},
  author={Henson, Val},
  booktitle={HotOS},
  pages={13--18},
  year={2003}
}

@article{villars2011big,
  title={Big data: What it is and why you should care},
  author={Villars, Richard L and Olofson, Carl W and Eastwood, Matthew},
  journal={White Paper, IDC},
  year={2011}
}

@article{gantz2010digital,
  title={The digital universe decade-are you ready},
  author={Gantz, John and Reinsel, David},
  journal={IDC iView},
  year={2010}
}
