% DO NOT DELETE This File!!!

% encoding: UTF-8

% empty file

@article{tilkov2010node,
  title={Node. js: Using JavaScript to Build High-Performance Network Programs.},
  author={Tilkov, Stefan and Vinoski, Steve},
  journal={IEEE Internet Computing},
  volume={14},
  number={6},
  year={2010}
}

@book{cantelon2012node,
  title={Node. js in Action},
  author={Cantelon, Mike and Holowaychuk, TJ and Rajlich, Nathan},
  year={2012},
  publisher={Manning}
}
